@book{Ross2010,
	Address = {Burlington, {MA}},
	Author = {Ross, Sheldon M.},
	Edition = {Tenth},
	Keywords = {probability theory, random variables, discrete random variables, continuous random variables, expectation of random variables, expectation, jointly distributed random variables, moment generating functions, conditional probability, conditional expectation, Markov chains, Chapman-Kolmogorov equation, branching processes, time reversible Markov chains, Markov chain Monte Carlo methods, Markov decision processes, Hidden Markov chains, exponential distributions, Poisson distributions, generalization of the Poisson process, continuous-time Markov chains, renewal theory, limit theorems, semi-Markov processes, queueing theory, network of queues, reliability theory, reliability, structure function, Brownian motion, stationary processes, weakly stationary processes, simulation, stochastic processes},
	Publisher = {Academic Press},
	Title = {Introduction to Probability Models},
	Year = {2010}}

@book{Ross2007,
	Address = {Burlington, {MA}},
	Author = {Ross, Sheldon M.},
	Edition = {Ninth},
	Publisher = {Academic Press},
	Title = {Introduction to Probability Models},
	Year = {2007}}

@book{Ross2010b,
	Address = {Harlow, Essex, East of England, England, {U.K.}},
	Author = {Ross, Sheldon},
	Edition = {Eighth},
	Publisher = {Pearson Education},
	Title = {A First Course in Probability},
	Year = {2010}}

@book{Ross2004,
	Address = {Burlington, {MA}},
	Author = {Ross, Sheldon M.},
	Edition = {Third},
	Publisher = {Elsevier Academic Press},
	Title = {Introduction to Probability and Statistics for Engineers and Scientists},
	Year = {2004}}

@book{Grimmett2001a,
	Address = {New York, {NY}},
	Author = {Geoffrey Grimmett and David Stirzaker},
	Publisher = {Oxford University Press},
	Title = {One Thousand Exercises in Probability},
	Year = {2001}}

@book{Bertsekas2008,
	Address = {Nashua, {NH}},
	Author = {Bertsekas, Dimitri P. and Tsitsiklis, John N.},
	Edition = {Second},
	Publisher = {Athena Scientific},
	Title = {Introduction to Probability},
	Year = {2008}}

@book{Montgomery2014,
	Address = {Hoboken, {NJ}},
	Author = {Montgomery, Douglas C. and Runger, George C.},
	Edition = {Sixth},
	Keywords = {probability, probability theory, statistics},
	Publisher = {John Wiley {\rm \&}\ Sons},
	Title = {Applied Statistics and Probability for Engineers},
	Year = {2014}}

@book{Downey2011,
	Address = {Sebastopol, {CA}},
	Author = {Allen B. Downey},
	Howpublished = {Additional material is available online at: \url{https://github.com/AllenDowney/ThinkStats2}; self-published; August 25, 2017 was the last accessed date},
	Publisher = {O'Reilly Media},
	Title = {Think Stats: Probability and Statistics for Programmers},
	Url = {https://github.com/AllenDowney/ThinkStats2},
	Year = {2011}}

@book{Downey2015,
	Address = {Sebastopol, {CA}},
	Author = {Allen B. Downey},
	Edition = {Second},
	Publisher = {O'Reilly Media},
	Title = {Think Stats: Exploratory Data Analysis},
	Year = {2015}}

@book{Chen2007c,
	Address = {Hoboken, {NJ}},
	Author = {Zhe Chen and Simon Haykin and Jos J. Eggermont and Suzanna Becker},
	Publisher = {John Wiley {\rm \&}\ Sons},
	Series = {Wiley Series in Adaptive and Learning Systems for Signal Processing, Communication, and Control},
	Title = {Correlative Learning: A Basis for Brain and Adaptive Systems},
	Year = {2007}}

@misc{NumPyDevelopers2018,
	Address = {Austin, {TX}},
	Author = {{NumPy Developers}},
	Howpublished = {Available online at: \url{http://www.numpy.org/index.html}; December 3, 2018 was the last accessed date},
	Publisher = {{NumFOCUS, Inc.}},
	Title = {{NumPy}},
	Url = {http://www.numpy.org/index.html},
	Year = {2018}}

@misc{Clark2019,
	Address = {Tempe, {AZ}},
	Author = {Lawrence T. Clark and Vinay Vashishtha and Manoj Vangala and Ankita Dosi and Lovish Masand and Parshant Rana and Aditya Gujja and Chandarasekaran Ramamurthya and Saurabh Sinha and Lucian Shifren and Brian Cline and Greg Yeric and Alan Sam and Nalim Gupta and Rohit Musalay and Akash Thakare and Srividhya Jambunathan and Ramana Rao Pandeshwar and Jayesh Sohanlal and Chandrakanth Puttaswamygowda and Adesh Namekumar and Varun Kaushik and Sanyogita Singh and Sai Chaitanya Reddy and Punit Shah and Anant Mithal},
	Howpublished = {Available online from {\it Arizona State University} as Version 1.6 of {ASAP-7: 7-nm Predictive PDK} at: \url{http://asap.asu.edu/asap/}; December 26, 2019 was the last accessed date},
	Month = {November 6},
	Publisher = {Arizona State University},
	School = {Arizona State University},
	Title = {{ASAP}: Arizona State Predictive {PDK}},
	Url = {http://asap.asu.edu/asap/},
	Year = {2019}}

@book{Tandon2017,
	Address = {San Rafael, {CA}},
	Author = {Prateek Tandon and Stanley Lam and Ben Shih and Tanay Mehta and Alex Mitev and Zhiyang Ong},
	Doi = {https://dx.doi.org/10.2200/S00746ED1V01Y201612QMC010},
	Month = {January},
	Publisher = {Morgan {\rm \&}\ Claypool Publishers},
	Series = {Synthesis Lectures on Quantum Computing},
	Title = {Quantum Robotics: A Primer on Current Science and Future Perspectives},
	Volume = {10},
	Year = {2017}}

@book{Bernhardt2019,
	Address = {Cambridge, {MA}},
	Author = {Chris Bernhardt},
	Publisher = {The {MIT} Press},
	Title = {Quantum Computing for Everyone},
	Year = {2019}}

@article{Waldrop2016,
	Address = {London, {U.K.}},
	Author = {M. Mitchell Waldrop},
	Doi = {https://dx.doi.org/10.1038/530144a},
	Journal = {Nature},
	Month = {February 11},
	Number = {7589},
	Pages = {144--147},
	Publisher = {Macmillan Publishers Limited},
	Title = {The chips are down for Moore's law},
	Volume = {530},
	Year = {2016}}

@article{Williams2017,
	Address = {Los Alamitos, {CA} and Melville, {NY}},
	Author = {R. Stanley Williams},
	Doi = {https://dx.doi.org/10.1109/MCSE.2017.31},
	Journal = {Computing in Science {\rm \&}\ Engineering},
	Month = {March--April},
	Number = {2},
	Pages = {7--13},
	Publisher = {{IEEE} Computer Society Press and {AIP Publishing}},
	Title = {What's Next? $[$The end of Moore's law$]$},
	Volume = {19},
	Year = {2017}}

@article{Theis2017,
	Address = {Los Alamitos, {CA} and Melville, {NY}},
	Author = {Thomas N. Theis and H.-S. Philip Wong},
	Doi = {https://dx.doi.org/10.1109/MCSE.2017.29},
	Journal = {Computing in Science {\rm \&}\ Engineering},
	Month = {March--April},
	Number = {2},
	Pages = {41--50},
	Publisher = {{IEEE} Computer Society Press and {AIP Publishing}},
	Title = {The End of Moore's Law: A New Beginning for Information Technology},
	Volume = {19},
	Year = {2017}}

@book{Hennessy2019,
	Address = {Cambridge, {MA}},
	Author = {John L. Hennessy and David A. Patterson},
	Edition = {Sixth},
	Publisher = {Morgan Kaufmann},
	Series = {The Morgan Kaufmann Series in Computer Architecture and Design},
	Title = {Computer Architecture: A Quantitative Approach},
	Year = {2019}}

@article{Dennard1974,
	Address = {New York, {NY}},
	Author = {Robert H. Dennard and Fritz H. Gaensslen and Hwa-Nien Yu and V. Leo Rideout and Ernest Bassous and Andre R. {LeBlanc}},
	Doi = {https://dx.doi.org/10.1109/JSSC.1974.1050511},
	Journal = {{IEEE} Journal of Solid-State Circuits},
	Keywords = {Dennard scaling},
	Month = {October},
	Number = {5},
	Pages = {256--268},
	Publisher = {{IEEE} Press},
	Title = {Design of ion-implanted {MOSFET}'s with very small physical dimensions},
	Volume = {9},
	Year = {1974}}

@book{Rahmani2017,
	Address = {Cham, Switzerland},
	Author = {Amir M. Rahmani and Pasi Liljeberg and Ahmed Hemani and Axel Jantsch and Hannu Tenhunen},
	Doi = {https://dx.doi.org/10.1007/978-3-319-31596-6},
	Publisher = {Springer International Publishing Switzerland},
	Title = {The Dark Side of Silicon: Energy Efficient Computing in the Dark Silicon Era},
	Year = {2017}}

@article{Esmaeilzadeh2012,
	Address = {Los Alamitos, {CA}},
	Author = {Esmaeilzadeh, Hadi and Blem, Emily and {St. Amant}, Ren{\'{e}}e and Sankaralingam, Karthikeyan and Burger, Doug},
	Doi = {https://dx.doi.org/10.1109/MM.2012.17},
	Journal = {{IEEE} Micro},
	Month = {May--June},
	Number = {3},
	Pages = {122--134},
	Publisher = {{IEEE} Computer Society Press},
	Title = {Dark Silicon and the End of Multicore Scaling},
	Url = {https://dx.doi.org/10.1109/MM.2012.17},
	Volume = {32},
	Year = {2012}}

@inproceedings{Esmaeilzadeh2011,
	Address = {San Jose, {CA}},
	Author = {Esmaeilzadeh, Hadi and Blem, Emily and {St. Amant}, Ren{\'{e}}e and Sankaralingam, Karthikeyan and Burger, Doug},
	Booktitle = {Proceedings of the $38^{th}$\ Annual International Symposium on Computer Architecture ({ISCA '11})},
	Doi = {https://dx.doi.org/10.1145/2000064.2000108},
	Month = {June 4--8},
	Organization = {{ACM} Special Interest Group on Computer Architecture and {IEEE} Computer Society ({TCCA})},
	Pages = {365--376},
	Publisher = {{ACM} Press},
	Title = {Dark Silicon and the End of Multicore Scaling},
	Url = {https://dx.doi.org/10.1145/2000064.2000108},
	Year = {2011}}

@article{Wulf1995,
	Address = {New York, {NY}},
	Author = {Wulf, Wm. A. and {McKee}, Sally A.},
	Doi = {https://dx.doi.org/10.1145/216585.216588},
	Journal = {{ACM SIGARCH} Computer Architecture News},
	Month = {March},
	Number = {1},
	Pages = {20--24},
	Publisher = {{ACM} Press},
	Title = {Hitting the Memory Wall: Implications of the Obvious},
	Url = {https://dx.doi.org/10.1145/216585.216588},
	Volume = {23},
	Year = {1995}}
